<record><leader>00000cas a22000007a 4500</leader><controlfield tag="001">18788033</controlfield><controlfield tag="008">881121d1964196upauwr ne      0    0eng d</controlfield><datafield ind1=" " ind2=" " tag="010"><subfield code="a">sn 88079564 </subfield></datafield><datafield ind1=" " ind2=" " tag="040"><subfield code="a">NPH</subfield><subfield code="b">eng</subfield><subfield code="c">NPH</subfield><subfield code="d">OCLCQ</subfield></datafield><datafield ind1=" " ind2=" " tag="042"><subfield code="a">msc</subfield></datafield><datafield ind1="0" ind2=" " tag="130"><subfield code="a">Sunday leader (Erie, Pa.)</subfield></datafield><datafield ind1="1" ind2="0" tag="245"><subfield code="a">Sunday leader.</subfield></datafield><datafield ind1="3" ind2="0" tag="246"><subfield code="a">Leader and the Ashtabula leader combining the Presque Isle vindicator and the Millcreek leader</subfield></datafield><datafield ind1=" " ind2=" " tag="260"><subfield code="a">Erie, Pa. :</subfield><subfield code="b">Frost Pub. Co.,</subfield><subfield code="c">1964-</subfield></datafield><datafield ind1=" " ind2=" " tag="300"><subfield code="a">v. :</subfield><subfield code="b">ill.</subfield></datafield><datafield ind1=" " ind2=" " tag="310"><subfield code="a">Weekly</subfield></datafield><datafield ind1="0" ind2=" " tag="362"><subfield code="a">Vol. 2, no. 25 (Mar. 22, 1964)-</subfield></datafield><datafield ind1=" " ind2=" " tag="500"><subfield code="a">"Serving N.W Pennsylvania and N.E. Ohio."</subfield></datafield><datafield ind1=" " ind2=" " tag="752"><subfield code="a">United States</subfield><subfield code="b">Pennsylvania</subfield><subfield code="c">Erie</subfield><subfield code="d">Erie.</subfield></datafield><datafield ind1=" " ind2=" " tag="752"><subfield code="a">United States</subfield><subfield code="b">Ohio.</subfield></datafield><datafield ind1="0" ind2="0" tag="780"><subfield code="t">Leader (Presque Isle, Pa.)</subfield><subfield code="w">(DLC)sn 88079566</subfield></datafield></record>